<?xml version="1.0" encoding="UTF-8"?><collection xmlns="http://www.loc.gov/MARC21/slim"><record><leader>00352nam--2200121-i-4500</leader><controlfield tag="001">000046345</controlfield><controlfield tag="002">20161230</controlfield><controlfield tag="005">20161230201045</controlfield><controlfield tag="008">060222s1000------------r-----000-0-eng-d</controlfield><datafield ind1=" " ind2=" " tag="080"><subfield code="a">550.8:553.495</subfield></datafield><datafield ind1=" " ind2=" " tag="245"><subfield code="a">Uranium in south africa 1983 assessment of resources and production</subfield></datafield><datafield ind1=" " ind2=" " tag="260"><subfield code="a">Pretoria, Nuclear Development Corp., 1984, /P.Dif.</subfield></datafield><datafield ind1=" " ind2=" " tag="852"><subfield code="a">72101</subfield></datafield></record></collection>